%!TEX root = dissertation.tex
% ^ leave for LaTeXTools build functionality

@book{winning_ways,
   title = "Winning ways for your mathematical plays, 1 : games in general",
   author = "Berlekamp, Elwyn R. and Guy, Richard K. and Conway, John Horton",
   publisher = "Academic press",
   address = "London, New York, Sydney",
   url = "http://opac.inria.fr/record=b1116588",
   isbn = "0-12-091101-9", 
   year = "1985"
}

@article{telgarsky,
  author = "Rastislav Telgarsky",
  title = "Topological games: On the 50th anniversary of the Banach-Mazur game",
  journal = "Rocky Mountain Journal of Mathematics",
  year = "1987",
  volume  = "7",
  number  = "2"
}

@article{sylvester,
  author  = "Sylvester, James J.",
  title   = "Question 7382",
  journal = "Mathematical Questions from the Educational Times",
  year    = "1884"
}

@article{haworth,
  author  = "Haworth, R.C. and McCoy, R.A.",
  title   = "Baire spaces",
  journal = "Dissertationes Math",
  year    = "1977"
}

@article{baker,
  author  = "Matthew H. Baker",
  title   = "Uncountable Sets and an Infinite Real Number Game",
  journal = "Mathematics Magazine",
  year    = "2007",
  volume  = "80",
  number  = "5",
  pages   = "377-380",
  month   = "December"
}

@article{gale,
  author  = "Gale, D. and Stewart, F. M.",
  title   = "Infinite games with perfect information",
  journal = "Contributions to the Theory of Games, Volume II",
  year    = "1953",
  pages   = "245–266"
}

@article{martin,
     title = {Borel Determinacy},
     author = {Martin, Donald A.},
     journal = {Annals of Mathematics},
     volume = {102},
     number = {2},
     series = {Second Series},
     pages = {pp. 363-371},
     ISSN = {0003486X},
     abstract = {},
     language = {English},
     year = {1975},
     publisher = {Annals of Mathematics},
     copyright = {Copyright © 1975 Annals of Mathematics},
}

@article {MR0140430,
    AUTHOR = {Mycielski, Jan and Steinhaus, H.},
     TITLE = {A mathematical axiom contradicting the axiom of choice},
   JOURNAL = {Bull. Acad. Polon. Sci. S\'er. Sci. Math. Astronom. Phys.},
  FJOURNAL = {Bulletin de l'Acad\'emie Polonaise des Sciences. S\'erie des
              Sciences Math\'ematiques, Astronomiques et Physiques},
    VOLUME = {10},
      YEAR = {1962},
     PAGES = {1--3},
      ISSN = {0001-4117},
   MRCLASS = {04.40},
  MRNUMBER = {0140430 (25 \#3850)},
MRREVIEWER = {J. de Groot},
}